@inproceedings{hart2001perlin,
  title={Perlin noise pixel shaders},
  author={Hart, John C},
  booktitle={Proceedings of the ACM SIGGRAPH/EUROGRAPHICS workshop on Graphics hardware},
  pages={87--94},
  year={2001},
  organization={ACM}
}

@inproceedings{perlin2002improving,
  title={Improving noise},
  author={Perlin, Ken},
  booktitle={ACM Transactions on Graphics (TOG)},
  volume={21},
  number={3},
  pages={681--682},
  year={2002},
  organization={ACM}
}

@book{ebert2003texturing,
  title={Texturing \& modeling: a procedural approach},
  author={Ebert, David S},
  year={2003},
  publisher={Morgan Kaufmann}
}